@Article{wen2020fighting,
  author  = {Wen, Chuan and Lin, Jierui and Darrell, Trevor and Jayaraman, Dinesh and Gao, Yang},
  journal = {Advances in Neural Information Processing Systems},
  title   = {Fighting copycat agents in behavioral cloning from observation histories},
  year    = {2020},
  pages   = {2564--2575},
  volume  = {33},
}

@Article{de2019causal,
  author  = {De Haan, Pim and Jayaraman, Dinesh and Levine, Sergey},
  journal = {Advances in Neural Information Processing Systems},
  title   = {Causal confusion in imitation learning},
  year    = {2019},
  volume  = {32},
}

@Article{kaelbling1996reinforcement,
  author  = {Kaelbling, Leslie Pack and Littman, Michael L and Moore, Andrew W},
  journal = {Journal of artificial intelligence research},
  title   = {Reinforcement learning: A survey},
  year    = {1996},
  pages   = {237--285},
  volume  = {4},
}

@Article{lecun2015deep,
  author    = {LeCun, Yann and Bengio, Yoshua and Hinton, Geoffrey},
  journal   = {nature},
  title     = {Deep learning},
  year      = {2015},
  number    = {7553},
  pages     = {436--444},
  volume    = {521},
  publisher = {Nature Publishing Group UK London},
}

@Article{deng2014deep,
  author    = {Deng, Li and Yu, Dong and others},
  journal   = {Foundations and trends{\textregistered} in signal processing},
  title     = {Deep learning: methods and applications},
  year      = {2014},
  number    = {3--4},
  pages     = {197--387},
  volume    = {7},
  publisher = {Now Publishers, Inc.},
}

@Comment{jabref-meta: databaseType:bibtex;}
